@article{koehler2021variational,
  title={Variational autoencoders in the presence of low-dimensional data: landscape and implicit bias},
  author={Koehler, Frederic and Mehta, Viraj and Risteski, Andrej and Zhou, Chenghui},
  journal={arXiv preprint arXiv:2112.06868},
  year={2021}
}

@article{campbell2021online,
  title={Online Variational Filtering and Parameter Learning},
  author={Campbell, Andrew and Shi, Yuyang and Rainforth, Thomas and Doucet, Arnaud},
  journal={Advances in Neural Information Processing Systems},
  volume={34},
  year={2021}
}